@Manual{Rcore,
    title = {R: A Language and Environment for Statistical Computing},
    author = {{R Core Team}},
    organization = {R Foundation for Statistical Computing},
    address = {Vienna, Austria},
    year = {2019},
    url = {https://www.R-project.org/},
  }
  @Manual{PMCMR,
    title = {The Pairwise Multiple Comparison of Mean Ranks Package (PMCMR)},
    author = {Thorsten Pohlert},
    year = {2014},
    note = {R package},
    url = {https://CRAN.R-project.org/package=PMCMR},
  }
  @Book{car,
    title = {An {R} Companion to Applied Regression},
    edition = {Second},
    author = {John Fox and Sanford Weisberg},
    year = {2011},
    publisher = {Sage},
    address = {Thousand Oaks {CA}},
    url = {http://socserv.socsci.mcmaster.ca/jfox/Books/Companion},
  }